@article{tversky1982similarity,
  title={{Similarity, separability, and the triangle inequality}},
  author={Tversky, A. and Gati, I.},
  journal={Psychological Review},
  volume={89},
  number={2},
  pages={123--154},
  issn={0033-295X},
  year={1982},
  publisher={Elsevier}
}

@conference{o2005trust,
  title={{Trust in recommender systems}},
  author={O'Donovan, J. and Smyth, B.},
  booktitle={Proceedings of the 10th international conference on Intelligent user interfaces},
  pages={167--174},
  isbn={1581138946},
  year={2005},
  organization={ACM}
}

@article{adomavicius2005toward,
  title={{Toward the next generation of recommender systems: A survey of the state-of-the-art and possible extensions}},
  author={Adomavicius, G. and Tuzhilin, A.},
  journal={IEEE transactions on knowledge and data engineering},
  pages={734--749},
  issn={1041-4347},
  year={2005},
  publisher={Published by the IEEE Computer Society}
}

@conference{schafer1999recommender,
  title={{Recommender systems in e-commerce}},
  author={Schafer, J.B. and Konstan, J. and Riedi, J.},
  booktitle={Proceedings of the 1st ACM conference on Electronic commerce},
  pages={158--166},
  isbn={1581131763},
  year={1999},
  organization={ACM}
}